<record><leader>00000cas a22000007a 4500</leader><controlfield tag="001">1755964</controlfield><controlfield tag="008">751101d19251939mnuwr ne      0    0eng d</controlfield><datafield ind1=" " ind2=" " tag="010"><subfield code="a">sn 89064873 </subfield></datafield><datafield ind1=" " ind2=" " tag="040"><subfield code="a">MUL</subfield><subfield code="b">eng</subfield><subfield code="c">MUL</subfield><subfield code="d">MN#</subfield><subfield code="d">OCLCQ</subfield><subfield code="d">OCLCF</subfield><subfield code="d">OCLCO</subfield></datafield><datafield ind1="1" ind2=" " tag="029"><subfield code="a">AU@</subfield><subfield code="b">000025863707</subfield></datafield><datafield ind1=" " ind2=" " tag="042"><subfield code="a">msc</subfield></datafield><datafield ind1=" " ind2=" " tag="043"><subfield code="a">n-us-mn</subfield></datafield><datafield ind1=" " ind2=" " tag="052"><subfield code="a">4144</subfield><subfield code="b">L6</subfield></datafield><datafield ind1=" " ind2=" " tag="052"><subfield code="a">4143</subfield><subfield code="b">M45</subfield></datafield><datafield ind1="0" ind2="4" tag="245"><subfield code="a">The Litchfield review.</subfield></datafield><datafield ind1=" " ind2=" " tag="260"><subfield code="a">Litchfield, Meeker County, Minn. :</subfield><subfield code="b">C.W. Wagner,</subfield><subfield code="c">1925-1939.</subfield></datafield><datafield ind1=" " ind2=" " tag="300"><subfield code="a">15 v.</subfield></datafield><datafield ind1=" " ind2=" " tag="310"><subfield code="a">Weekly</subfield></datafield><datafield ind1="0" ind2=" " tag="362"><subfield code="a">Vol. 42, no. 7 (Aug. 14, 1925)-v.56, no. 11 (Sept. 15, 1939).</subfield></datafield><datafield ind1=" " ind2=" " tag="530"><subfield code="a">Available on microfilm from the Minnesota Historical Society.</subfield></datafield><datafield ind1=" " ind2="0" tag="651"><subfield code="a">Litchfield (Minn.)</subfield><subfield code="v">Newspapers.</subfield></datafield><datafield ind1=" " ind2="7" tag="655"><subfield code="a">Newspapers.</subfield><subfield code="2">fast</subfield><subfield code="0">(OCoLC)fst01423814</subfield></datafield><datafield ind1=" " ind2="7" tag="651"><subfield code="a">Minnesota</subfield><subfield code="z">Litchfield.</subfield><subfield code="2">fast</subfield><subfield code="0">(OCoLC)fst01236185</subfield></datafield><datafield ind1=" " ind2=" " tag="752"><subfield code="a">United States</subfield><subfield code="b">Minnesota</subfield><subfield code="c">Meeker</subfield><subfield code="d">Litchfield.</subfield></datafield><datafield ind1="0" ind2="0" tag="780"><subfield code="t">Litchfield Saturday review</subfield><subfield code="w">(DLC)sn 89064874</subfield></datafield><datafield ind1="0" ind2="7" tag="785"><subfield code="t">Litchfield independent</subfield><subfield code="w">(DLC)sn 89064870</subfield></datafield><datafield ind1="0" ind2="7" tag="785"><subfield code="t">Independent review (Litchfield, Minn. : 1939)</subfield><subfield code="w">(DLC)sn 89064871</subfield></datafield></record>